@article{rastogi2024design,
  title={Design and Implementation of a Self-Supervised Algorithm for Vein Structural Patterns Analysis Using Advanced Unsupervised Techniques},
  author={Rastogi, Swati and Duttagupta, Siddhartha Prakash and Guha, Anirban},
  journal={Machine Learning and Knowledge Extraction},
  volume={6},
  number={2},
  pages={1193--1209},
  year={2024},
  publisher={MDPI}
}

@inproceedings{quelhas2005modeling,
  title={Modeling scenes with local descriptors and latent aspects},
  author={Quelhas, Pedro and Monay, Florent and Odobez, J-M and Gatica-Perez, Daniel and Tuytelaars, Tinne and Van Gool, Luc},
  booktitle={Tenth IEEE International Conference on Computer Vision (ICCV'05) Volume 1},
  volume={1},
  pages={883--890},
  year={2005},
  organization={IEEE}
}

@book{cennini1954craftsman,
  title={The craftsman's handbook},
  author={Cennini, Cennino and Cennini, Cennio D'Andrea and De Beer, Gavin},
  volume={2},
  year={1954},
  publisher={Courier Corporation}
}